%%%%%%%%%%%%%%%%%%%%%%%%%%%%%%%%%
%                               %
%           Peri{\'o}dicos          %
%                               %
%%%%%%%%%%%%%%%%%%%%%%%%%%%%%%%%%
@ARTICLE{andradeneri,
author={de Andrade, G.V. and Naidu, S.R. and Neri, M. and da Costa, E.G.},
journal={Instrumentation and Measurement, IEEE Transactions on},
title={Estimation of the Utility's and Consumer's Contribution to Harmonic Distortion},
year={2009},
month={nov. },
volume={58},
number={11},
pages={3817 -3823},
keywords={Kalman filter;current waveform measurement;electric utilities;harmonic distortion;industrial load;phasor 
estimation;point-of common coupling;recursive least-squares technique;three-phase voltage waveforms;voltage waveform 
measurement;consumer behaviour;electric current measurement;electricity supply industry;harmonic distortion;least 
squares approximations;power system harmonics;recursive estimation;voltage measurement;},
doi={10.1109/TIM.2009.2020819},
ISSN={0018-9456},}

@ARTICLE{srinivasan,
author={Srinivasan, D. and Ng, W.S. and Liew, A.C.},
journal={Power Delivery, IEEE Transactions on}, title={Neural-network-based signature recognition for harmonic source 
identification},
year={2006},
month={jan.},
volume={21},
number={1},
pages={ 398 - 405},
keywords={ RBF network; feature extraction; harmonic source identification; multilayer perceptron; neural network; 
power quality enhancement; power quality monitoring; radial basis function network; signature recognition; spike train 
data; support vector machines; Fourier analysis; feature extraction; multilayer perceptrons; power engineering 
computing; power supply quality; power system harmonics; radial basis function networks; support vector machines;},
doi={10.1109/TPWRD.2005.852370},
ISSN={0885-8977},}

@ARTICLE{galhardo1,
author={Galhardo, M.A.B. and Pinho, J.T.},
journal={Latin America Transactions, IEEE (Revista IEEE America Latina)}, title={Influ #234;ncia m #250;tua entre harm 
#244;nicos e cargas n #227;o-lineares},
year={2008},
month={dec. },
volume={6},
number={7},
pages={608 -617},
keywords={capacitive filter;current harmonic content;harmonic compensation;nonlinear load supply;rectifier;single phase 
loads;three-phase loads;voltage harmonic content;voltage waveforms;harmonics suppression;power filters;power supply 
quality;rectifying circuits;},
doi={10.1109/TLA.2008.4917432},
ISSN={1548-0992},}

@ARTICLE{fauri,
author={Fauri, M.},
journal={Power Systems, IEEE Transactions on}, title={Harmonic modelling of non-linear load by means of crossed 
frequency admittance matrix},
year={1997},
month={nov},
volume={12},
number={4},
pages={1632 -1638},
keywords={ alternative harmonic model; constant fundamental frequency voltage; crossed frequency admittance matrix; 
passive electrical loads; power system nonlinear loads; stationary electrical loads; electric admittance; harmonic 
distortion; load (electric); matrix algebra; power system harmonics; power systems;},
doi={10.1109/59.627869},
ISSN={0885-8950},}

%%%%%%%%%%%%%%%%%%%%%%%%%%%%%%%%%
%                               %
%          Congressos           %
%                               %
%%%%%%%%%%%%%%%%%%%%%%%%%%%%%%%%%
@INPROCEEDINGS{boscaino,
author={Boscaino, V. and Capponi, G. and Livreri, P. and Marino, F.},
booktitle={Control and Modeling for Power Electronics, 2008. COMPEL 2008. 11th Workshop on},
title={Measurement-based load modelling for power supply system design},
year={2008},
month={aug.},
volume={},
number={},
pages={1 -4},
keywords={component-based approach;measurement-based load modelling;power consumption profile load model;power supply 
system design;electricity supply industry;power system measurement;},
doi={10.1109/COMPEL.2008.4634672},
ISSN={},}

@INPROCEEDINGS{jinma,
author={Shi, J.H. and He Renmu},
booktitle={Power Tech Conference Proceedings, 2003 IEEE Bologna}, title={Measurement-based load modeling-model 
structure},
year={2003},
month={june},
volume={2},
number={},
pages={ 5 pp. Vol.2},
keywords={ component-based load modeling; dynamic load model; improved composite load model structure; load changes; 
measurement-based load modeling; reactive power; real loads; dynamic response; load (electric); power system 
measurement; power system simulation; reactive power;},
doi={10.1109/PTC.2003.1304621},
ISSN={ },}

@INPROCEEDINGS{xuyanhui,
author={Xu Yanhui and He Renmu and Han Dong},
booktitle={Power and Energy Society General Meeting - Conversion and Delivery of Electrical Energy in the 21st Century, 
2008 IEEE}, title={Validation of measurement-based load modeling for large-scale power grid},
year={2008},
month={july},
volume={},
number={},
pages={1 -6},
keywords={Northeast China Power Grid;aggregation theory;dynamic simulation;fuzzy clustering;large-scale power 
grid;measurement-based load modeling;substation modeling;fuzzy set theory;power grids;power system measurement;power 
system simulation;substations;},
doi={10.1109/PES.2008.4596362},
ISSN={1932-5517},}

@INPROCEEDINGS{halpin,
author={Halpin, S.M.},
booktitle={Transmission and Distribution Conference and Exhibition, 2005/2006 IEEE PES}, title={Advanced Load Models in 
Power System Dynamic Studies: Application Issues},
year={2006},
month={may},
volume={},
number={},
pages={1334 -1336},
keywords={bulk transmission study;power system dynamic performance;power system load models;sensitivity analyses;system 
disturbance;voltage stability;power system faults;power system stability;sensitivity analysis;transmission networks;},
doi={10.1109/TDC.2006.1668705},
ISSN={},}

@INPROCEEDINGS{mahdi,
author={El Arini, M.M.M.},
booktitle={Harmonics And Quality of Power, 1998. Proceedings. 8th International Conference on}, title={A time domain 
load modelling technique and harmonics analysis},
year={1998},
month={oct},
volume={2},
number={},
pages={930 -938 vol.2},
keywords={accuracy measuring factor;fundamental power factor;harmonics amplitudes;harmonics analysis;linear load;load 
modeling parameters;nonlinear load;parameters estimation;steady state bus voltage;steady state load current;time domain 
load modeling;time domain load modelling technique;load (electric);power factor;power system harmonics;power system 
parameter estimation;time-domain analysis;},
doi={10.1109/ICHQP.1998.760167},
ISSN={},}

@INPROCEEDINGS{galhardo2,
author={Galhardo M. A. B. , Pinho, J. T.},
title={Modelagem de Cargas N{\~a}o-Lineares em Sistemas El{\'e}tricos de Pot{\^e}ncia},
year={2003},
}

@INPROCEEDINGS{rbfrecorrente,
author={Wang Zhi-Qiang and Chen Xing-Qiong and Deng Chang-hong and Pan Zhang-da and Dong Chao},
booktitle={Power Engineering Conference, 2007. IPEC 2007. International}, title={The power system load modeling based 
on recurrent RBF neural network},
year={2007},
month={dec.},
volume={},
number={},
pages={910 -915},
keywords={power system load modeling;power system stability analysis;radial basic function network;recurrent RBF neural 
network;neurocontrollers;power engineering computing;power system stability;radial basis function networks;},
doi={},
ISSN={},}

@INPROCEEDINGS{xinranli,
author={Xinran Li and Lide Wang and Peiqiang Li},
booktitle={Electric Utility Deregulation and Restructuring and Power Technologies, 2008. DRPT 2008. Third International 
Conference on},
title={The study on composite load model structure of artificial neural network},
year={2008},
month={april},
volume={},
number={},
pages={1564 -1570},
keywords={BP artificial neural network;composite load model structure;dynamic load characteristics;power composite 
load;substation field;backpropagation;neural nets;power engineering computing;substations;},
doi={10.1109/DRPT.2008.4523654},
ISSN={},}

@INPROCEEDINGS{mahinda,
author={D.Mahinda, Wijekoon.},
booktitle={IPEC 2003-6th International Power Engineering Conference}
title={?Artificial Neural Network Based Dynamic Load Models For Real Time Applications},
year={2003},
}

@INPROCEEDINGS{manso,
author={Silva L. R. M., Prates M. O., Duque C. A., Cerqueira A. S., Ribeiro M. V.},
booktitle={IX CBQEE - Confer{\^e}ncia Brasileira Sobre Qualidade da Energia El{\'e}trica}
title={?Modelafem de Cargas N{\~a}o-Lineares Utilizando L{\'o}gica Fuzzy"},
year={2011},
}

@INPROCEEDINGS{galhardo3,
author={Galhardo M. A. B. , Pinho, J. T. , Barra W. J.},
booktitle={VI Simp{\'o}sio Brasileiro de Automa{\c{c}}{\~a}o Inteligente}
title={?Utiliza{\c{c}}{\~a}o de um Sistema Neuro-Fuzzy para Modelagem de Cargas N{\~a}o-Lineares em Sistemas 
El{\'e}tricos de Pot{\^e}ncia"},
year={2003},
}

%%%%%%%%%%%%%%%%%%%%%%%%%%%%%%%%%
%                               %
%            Livros             %
%                               %
%%%%%%%%%%%%%%%%%%%%%%%%%%%%%%%%%

@book{doebelin,
  title={System modeling and response: theoretical and experimental approaches},
  author={Doebelin, E.O.},
  isbn={9780824701260},
  year={1980},
  publisher={J. Wiley and sons}
}


@BOOK{murray,
  AUTHOR =       {Murray S. Klamkin},
  TITLE =        {Mathematical modeling: Classroom notes in applied mathematics.},
  PUBLISHER =    {SIAM},
  YEAR =         {1985},
  edition =      {3rd}
  isbn =         {0-89871-204-1},
}

@book{boxejenkis,
  title={Time series analysis: forecasting and control},
  author={Box, G.E.P. and Jenkins, G.M. and Reinsel, G.C.},
  isbn={9780130607744},
  lccn={93034620},
  series={Forecasting and Control Series},
  year={1994},
  publisher={Prentice Hall}
}

@book{ljung,
  title={System identification: theory for the user},
  author={Ljung, L.},
  isbn={9780136566953},
  lccn={98018554},
  series={Prentice-Hall information and system sciences series},
  year={1999},
  publisher={Prentice Hall PTR}
}


%%%%%%%%%%%%%%%%%%%%%%%%%%%%%%%%%
%                               %
%     Teses e Disserta{\c{c}}{\~o}es      %
%                               %
%%%%%%%%%%%%%%%%%%%%%%%%%%%%%%%%%

@phdthesis{silvaufu2007,
    AUTHOR =       {S{\'e}rgio Ferreira de Paula Silva},
    TITLE =        {Uma proposta para o compartilhamento das responsabilidades sobre as distor{\c{c}}{\~o}es 
    harm{\^o}nicas.},
    SCHOOL =       {Universidade Federal de Uberl{\^a}ndia},
    YEAR =         {2007},
}

%%%%%%%%%%%%%%%%%%%%%%%%%%%%%%%%%
%                               %
%     Padr{\~o}es e Normas          %
%                               %
%%%%%%%%%%%%%%%%%%%%%%%%%%%%%%%%%

@TECHREPORT{IEEE519,
  AUTHOR =       {IEEE-Std.519-1992},
  TITLE =        {Recommended Practice and Requirements for Harmonic Control
in Electric Power Systems},
  INSTITUTIon =  {IEEE},
  YEAR =         {1992},
}

@TECHREPORT{IEC 61000-3-6,
  AUTHOR =       {IEC 61000-3-6},
  TITLE =        {Electromagnetic Compatibility (EMC) - Part 3: Limits - Section 6:
Assessment of emission limits for distorting loads in MV and HV power systems},
  INSTITUTIon =  {IEC},
  YEAR =         {1996},
}
