%%%%%%%%%%%%%% ExPERIMENTOS %%%%%%%%%%%%%%%%%

@article{hanagaki2002electron,
  title={Electron identification in Belle},
  author={Hanagaki, Kakuno and Kakuno, H and Ikeda, H and Iijima, T and Tsukamoto, T},
  journal={Nuclear Instruments and Methods in Physics Research Section A: Accelerators, Spectrometers, Detectors and Associated Equipment},
  volume={485},
  number={3},
  pages={490--503},
  year={2002},
  publisher={Elsevier}
}

@online{superk,
  author = {KEK, HIGH ENERGY ACCELERATOR RESEARCH ORGANIZATION},
  title = {Super KEKB Ring},
  year = 2018,
  url = {https://www.kek.jp/en/Facility/ACCL/SuperKEKBRing/},
  urldate = {2018-08-13}
}


@article{cms2015performance,
  title={Performance of electron reconstruction and selection with the CMS detector in proton-proton collisions at sqrt (s)= 8 TeV},
  author={CMS collaboration and others},
  journal={arXiv preprint arXiv:1502.02701},
  year={2015}
}

%%%%%%%%%%%%%%%%%%%%%%%%%%%%%%%%%%
%%FastKernel

@article{botev2010kernel,
  title={Kernel density estimation via diffusion},
  author={Botev, Zdravko I and Grotowski, Joseph F and Kroese, Dirk P and others},
  journal={The annals of Statistics},
  volume={38},
  number={5},
  pages={2916--2957},
  year={2010},
  publisher={Institute of Mathematical Statistics}
}


@inproceedings{costa2017study,
  title={Study of the Discretization Process applied to Continuous Random Variables \\in the Density Estimation Context},
  author={Costa, Rafael M and Souza, David M and Costa, Igor A and N{\'o}brega, Rafael A},
  booktitle={Instrumentation Systems, Circuits and Transducers (INSCIT), 2018 3nd International Symposium on},
  pages={1--6},
  year={2018},
  organization={IEEE}
}

%%%%%%%%%algoritmo genetico

@article{de1999introduccao,
  title={Introdu{\c{c}}{\~a}o aos algoritmos gen{\'e}ticos},
  author={de Lacerda, Est{\'e}fane GM and de Carvalho, ACPLF},
  journal={Sistemas inteligentes: aplica{\c{c}}oes a recursos h{\i}dricos e ci{\^e}ncias ambientais},
  volume={1},
  pages={99--148},
  year={1999}
}

@book{haupt1998practical,
  title={Practical genetic algorithms},
  author={Haupt, Randy L and Haupt, Sue Ellen and Haupt, Sue Ellen},
  volume={2},
  year={1998},
  publisher={Wiley New York}
}

%%%%%%%%%%%%%%%%%%%%%%%%%%%%%%%%%%

@article{freedman1981histogram,
  title={On the histogram as a density estimator: L 2 theory},
  author={Freedman, David and Diaconis, Persi},
  journal={Zeitschrift f{\"u}r Wahrscheinlichkeitstheorie und verwandte Gebiete},
  volume={57},
  number={4},
  pages={453--476},
  year={1981},
  publisher={Springer}
}


@techreport{da2016ring,
	title={Ring-shaped Calorimetry Information for a Neural EGamma Identification with ATLAS Detector},
	author={Da Fonseca Pinto, Joao Victor},
	year={2016},
	institution={ATL-COM-DAQ-2016-015}
}



@article{efron1983leisurely,
  title={A leisurely look at the bootstrap, the jackknife, and cross-validation},
  author={Efron, Bradley and Gong, Gail},
  journal={The American Statistician},
  volume={37},
  number={1},
  pages={36--48},
  year={1983},
  publisher={Taylor \& Francis Group}
}

@inproceedings{kohavi1995study,
  title={A study of cross-validation and bootstrap for accuracy estimation and model selection},
  author={Kohavi, Ron and others},
  booktitle={Ijcai},
  volume={14},
  number={2},
  pages={1137--1145},
  year={1995},
  organization={Montreal, Canada}
}

@article{bradley1997use,
  title={The use of the area under the ROC curve in the evaluation of machine learning algorithms},
  author={Bradley, Andrew P},
  journal={Pattern recognition},
  volume={30},
  number={7},
  pages={1145--1159},
  year={1997},
  publisher={Elsevier}
}

%%%%%%%%%%%%%%%%%%%%%%%%%%%%%%%%%%%%%%%%%%%%%%%%%%%%%%%%%%%%%%%%%%%%%%%%%%%%%%%%%%
%%% SCOTT

@book{scott2015multivariate,
	title={Multivariate density estimation: theory, practice, and visualization},
	author={Scott, David W},
	year={2015},
	publisher={John Wiley \& Sons}
}

@article{scott1979optimal,
	title={On optimal and data-based histograms},
	author={Scott, David W},
	journal={Biometrika},
	volume={66},
	number={3},
	pages={605--610},
	year={1979},
	publisher={Oxford University Press}
}

@article{terrell1992variable,
	title={Variable kernel density estimation},
	author={Terrell, George R and Scott, David W},
	journal={The Annals of Statistics},
	pages={1236--1265},
	year={1992},
	publisher={JSTOR}
}

@article{scott1987biased,
	title={Biased and unbiased cross-validation in density estimation},
	author={Scott, David W and Terrell, George R},
	journal={Journal of the american Statistical association},
	volume={82},
	number={400},
	pages={1131--1146},
	year={1987},
	publisher={Taylor \& Francis}
}

@article{sain1994cross,
	title={Cross-validation of multivariate densities},
	author={Sain, Stephan R and Baggerly, Keith A and Scott, David W},
	journal={Journal of the American Statistical Association},
	volume={89},
	number={427},
	pages={807--817},
	year={1994},
	publisher={Taylor \& Francis}
}

@article{ashScott,
	author = {Scott, David W},
	title = {Averaged shifted histogram},
	journal = {Wiley Interdisciplinary Reviews: Computational Statistics},
	volume = {2},
	number = {2},
	pages = {160-164},
	year = {2010},
	publisher={John Wiley \& Sons}
}


@article{histogramScott,
	author = {Scott, David W},
	title = {Histogram},
	journal = {Wiley Interdisciplinary Reviews: Computational Statistics},
	volume = {2},
	number = {1},
	pages = {44-48},
	year = {2010},
	publisher={John Wiley \& Sons}
}

@article{scott1977kernel,
	title={Kernel density estimation revisited},
	author={Scott, David W and Tapia, Richard A and Thompson, James R},
	journal={Nonlinear Analysis: Theory, Methods \& Applications},
	volume={1},
	number={4},
	pages={339--372},
	year={1977},
	publisher={Elsevier}
}

@article{scott1981monte,
	title={Monte Carlo study of three data-based nonparametric probability density estimators},
	author={Scott, David W and Factor, Lynette E},
	journal={Journal of the American Statistical Association},
	volume={76},
	number={373},
	pages={9--15},
	year={1981},
	publisher={Taylor \& Francis}
}

@article{wang19941,
	title={The L 1 method for robust nonparametric regression},
	author={Wang, Ferdinand T and Scott, David W},
	journal={Journal of the American Statistical Association},
	volume={89},
	number={425},
	pages={65--76},
	year={1994},
	publisher={Taylor \& Francis Group}
}


@article{scott1985kernel,
	title={Kernel density estimation with binned data},
	author={Scott, David W and Sheather, Simon J},
	journal={Communications in Statistics-Theory and Methods},
	volume={14},
	number={6},
	pages={1353--1359},
	year={1985},
	publisher={Taylor \& Francis}
}

@article{wegman2011machine,
	title={Machine learning, data mining, and computational statistics applications},
	author={Wegman, Edward J and Said, Yasmin H and Scott, David W},
	journal={Wiley Interdisciplinary Reviews: Computational Statistics},
	volume={3},
	number={3},
	pages={187--187},
	year={2011},
	publisher={Wiley Online Library}
}
%%%%%%%%%%%%%%%%%%%%%%%%%%%%%%%%%%%%%%%%%%%%%%%%%%%%%%%%%%%%%%%%%%%%%%%%%%%%%%%%

@inproceedings{therhaag2012tmva,
	title={TMVA-Toolkit for multivariate data analysis},
	author={Therhaag, Jan and Team, TMVA Core Developer},
	booktitle={INTERNATIONAL CONFERENCE OF COMPUTATIONAL METHODS IN SCIENCES AND ENGINEERING 2009:(ICCMSE 2009)},
	volume={1504},
	number={1},
	pages={1013--1016},
	year={2012},
	organization={AIP Publishing}
}

@book{grupen2008particle,
	title={Particle detectors},
	author={Grupen, Claus and Shwartz, Boris},
	volume={26},
	year={2008},
	publisher={Cambridge university press}
}

@misc{fehling2011standard,
	title={The standard model of particle physics: A lunchbox’s guide},
	author={Fehling, Dave},
	year={2011}
}

@article{siasintroduccao,
  title={INTRODU{\c{C}}{\~A}O {\`A} F{\'I}SICA DE PART{\'I}CULAS.},
  author={Sias, Denise Borges and Sampaio, Jalves and M{\"u}tzenberg, Luiz Andr{\'e} and Moreira, Marco Ant{\^o}nio}
}

@article{daparticulas,
  title={PART{\'I}CULAS ELEMENTARES: A PROCURA DAS PART{\'I}CULAS WE Z.},
  author={da Costa Marques, Gil}
}

@online{cernphisics,
  author =       {CERN},
  title =        {Physics},
  year =         {2015},
  note =         {Accessed: 2015-12-21}
  url =          {http://home.cern/about/physics}
}

@MISC{aceleradores2015,
  author =       {Tarso Araujo},
  title =        {O que são os aceleradores de partículas?},
  year =         {2015},
  note =         {Accessed: 2015-12-22}
  url =          {http://mundoestranho.abril.com.br/materia/o-que-sao-os-aceleradores-de-particulas}
}

@article{moreira2009modelo,
  title={O modelo padrao da f{\i}sica de part{\i}culas},
  author={Moreira, Marco Antonio},
  journal={Revista brasileira de ensino de f{\i}sica},
  volume={31},
  number={1},
  pages={1306},
  year={2009},
  publisher={SciELO Brasil}
}

@MISC{modelopadrao,
  author =       {Caique Meira Ronqui},
  title =        {Modelo Padrão},
  year =         {2015},
  note =         {Accessed: 2015-12-22}
  url =          {http://www.cecm.usp.br/~caique/SM.html}
}

@book{perkins2000introduction,
  title={Introduction to high energy physics},
  author={Perkins, Donald H},
  year={2000},
  publisher={Cambridge University Press}
}
@online{cernwebabout,
  author = {CERN},
  title = {About CERN},
  year = 2015,
  url = {http://home.web.cern.ch/about},
  urldate = {2015-08-04}
}
@online{cernwebLHC,
  author = {CERN},
  title = {The Large Hadron Collider},
  year = 2015,
  url = {http://home.web.cern.ch/topics/large-hadron-collider},
  urldate = {2015-08-04}
}

@online{cernwebAccelerator,
  author = {CERN},
  title = {The accelerator complex},
  year = 2016,
  url = {http://home.cern/about/accelerators},
  urldate = {2016-01-06}
}

@online{cernwebAtlas,
  author = {CERN},
  title = {ATLAS},
  year = 2016,
  url = {http://home.cern/about/experiments/atlas},
  urldate = {2016-01-07}
}


@techreport{lefevre2009lhc,
  title={LHC: the guide (English version)},
  author={Lefevre, Christiane},
  year={2009}
}

@article{aad2008atlas,
  title={The ATLAS experiment at the CERN large hadron collider},
  author={Aad, Georges and Abat, E and Abdallah, J and Abdelalim, AA and Abdesselam, A and Abdinov, O and Abi, BA and Abolins, M and Abramowicz, H and Acerbi, E and others},
  journal={Journal of Instrumentation},
  volume={3},
  number={08},
  pages={S08003},
  year={2008},
  publisher={IOP Publishing}
}

@phdthesis{dos2006sistema,
  title={Sistema Online de Filtragem em um Ambiente com Alta Taxa de Eventos},
  author={dos Anjos, A},
  year={2006},
  school={Tese (Doutorado), COPPE, Universidade Federal do Rio de Janeiro, Rio de Janeiro}
}

@article{barberis2000atlas,
  title={ATLAS inner detector developments},
  author={Barberis, Dario},
  journal={Nuclear Instruments and Methods in Physics Research Section A: Accelerators, Spectrometers, Detectors and Associated Equipment},
  volume={446},
  number={1},
  pages={331--337},
  year={2000},
  publisher={Elsevier}
}

@techreport{benekos2003atlas,
  title={ATLAS inner detector performance},
  author={Benekos, Nektarios Ch and Clifft, Roger and Elsing, Markus and Poppleton, Alan},
  year={2003},
  institution={ATL-COM-INDET-2003-023}
}

@book{das1994introduction,
  title={Introduction to nuclear and particle physics},
  author={Das, Ashok and Ferbel, Thomas and Glashausser, Charles},
  year={1994},
  publisher={Wiley}
}

@phdthesis{peralva2012detecccao,
  title={Detec{\c{c}}ao de Sinais e Estima{\c{c}}ao de Energia para Calorimetria de Altas Energias},
  author={Peralva, Bernardo Sotto-Maior},
  year={2012},
  school={Universidade Federal de Juiz de Fora}
}

@article{calorimeter2008construction,
  title={Construction, assembly and tests of the ATLAS electromagnetic end-cap calorimeters},
  author={Calorimeter, ATLAS Electromagnetic Liquid Argon Endcap and Aleksa, M and Astesan, F and Banfi, D and Barreiro, F and Barrillon, P and Benchouk, C and Bertoli, W and Bremer, J and Braun, HM and others},
  journal={Journal of Instrumentation},
  volume={3},
  number={06},
  pages={P06002},
  year={2008},
  publisher={IOP Publishing}
}

@inproceedings{francavilla2012atlas,
  title={The ATLAS tile hadronic calorimeter performance at the LHC},
  author={Francavilla, Paolo and ATLAS Collaboration and others},
  booktitle={Journal of Physics: Conference Series},
  volume={404},
  number={1},
  pages={012007},
  year={2012},
  organization={IOP Publishing}
}

@article{aad2010readiness,
  title={Readiness of the ATLAS Tile Calorimeter for LHC collisions},
  author={Aad, Georges and Abbott, B and Abdallah, J and Abdelalim, AA and Abdesselam, A and Abdinov, O and Abi, B and Abolins, M and Abramowicz, H and Abreu, H and others},
  journal={The European Physical Journal C},
  volume={70},
  number={4},
  pages={1193--1236},
  year={2010},
  publisher={Springer}
}

@article{atlas2010commissioning,
  title={Commissioning of the ATLAS Muon Spectrometer with cosmic rays},
  author={ATLAS collaboration and others},
  journal={arXiv preprint arXiv:1006.4384},
  year={2010}
}

@article{Lippmann:2011bb,
      author         = "Lippmann, Christian",
      title          = "{Particle identification}",
      journal        = "Nucl. Instrum. Meth.",
      volume         = "A666",
      year           = "2012",
      pages          = "148-172",
      doi            = "10.1016/j.nima.2011.03.009",
      eprint         = "1101.3276",
      archivePrefix  = "arXiv",
      primaryClass   = "hep-ex",
      SLACcitation   = "%%CITATION = ARXIV:1101.3276;%%"
}

@INPROCEEDINGS{1352047,
    author={Watts, G.},
    booktitle={Nuclear Science Symposium Conference Record, 2003 IEEE},
    title={Review of triggering},
    year={2003},
    month={Oct},
    volume={1},
    pages={282-287 Vol.1},
    keywords={counters;particle detectors;trigger circuits;HEP experiments;data acquisition;overview;triggering;Application software;Biomedical equipment;Costs;Data acquisition;Field programmable gate arrays;Hardware;Large Hadron Collider;Medical services;Physics;Satellites},
    doi={10.1109/NSSMIC.2003.1352047},
    ISSN={1082-3654},
}

@article{elsing2003configuration,
  title={Configuration of the ATLAS trigger system},
  author={Elsing, Markus and Sch{\"o}rner-Sadenius, Thomas},
  journal={arXiv preprint physics/0306046},
  year={2003}
}

@article{gabaldon2012performance,
  title={Performance of the ATLAS trigger system},
  author={Gabaldon, Carolina},
  journal={Journal of Instrumentation},
  volume={7},
  number={01},
  pages={C01092},
  year={2012},
  publisher={IOP Publishing}
}

@article{torres2010sistema,
  title={Sistema online de filtragem em um ambiente com alta taxa de eventos e fina granularidade},
  author={Torres, R},
  journal={Rio de Janeiro, UFRJ/COPPE},
  year={2010}
}

@book{alison2014road,
  title={The road to discovery: Detector alignment, electron identification, particle misidentification, ww physics, and the discovery of the Higgs Boson},
  author={Alison, John},
  year={2014},
  publisher={Springer}
}

@article{aad2014electron,
  title={Electron reconstruction and identification efficiency measurements with the ATLAS detector using the 2011 LHC proton--proton collision data},
  author={Aad, Georges and Abajyan, T and Abbott, B and Abdallah, J and Khalek, S Abdel and Abdinov, O and Aben, R and Abi, B and Abolins, M and AbouZeid, OS and others},
  journal={The European Physical Journal C},
  volume={74},
  number={7},
  pages={1--38},
  year={2014},
  publisher={Springer}
}

@article{abat2008expected,
  title={Expected Performance of the ATLAS Experiment-Detector, Trigger and Physics},
  author={Abat, E and Abbott, B and Abdallah, J and Abdelalim, AA and Abdesselam, A and Abdinov, O and Abi, B and Abolins, M and Abramowicz, H and Acharya, BS and others},
  journal={arXiv preprint arXiv:0901.0512},
  year={2008}
}

@article{aad2012performance,
  title={Performance of the ATLAS Trigger System in 2010},
  author={Aad, Georges and Abbott, B and Abdallah, J and Abdelalim, AA and Abdesselam, A and Abdinov, O and Abi, B and Abolins, M and Abramowicz, H and Abreu, H and others},
  journal={The European Physical Journal C},
  volume={72},
  number={1},
  pages={1--61},
  year={2012},
  publisher={Springer}
}

@article{atlas2011expected,
  title={Expected electron performance in the ATLAS experiment},
  author={ATLAS collaboration and others},
  journal={ATLAS note: ATL-PHYS-PUB-2011-006},
  year={2011}
}

@techreport{atlasdescription,
  title={Description and Performance of the Electron Likelihood Tool at ATLAS using 2012 LHC Data},
  author={ATLAS Collaboration and others},
  year={2013},
  institution={ATLAS-COM-PHYS-2013-378. http://cds. cern. ch/record/1537410}
}

@inproceedings{atlas2014electron,
  title={Electron efficiency measurements with the ATLAS detector using the 2012 LHC proton-proton collision data},
  author={ATLAS collaboration and others},
  year={2014},
  organization={ATLAS-CONF-2014-032}
}

@techreport{sjostrand1991monte,
  title={Monte carlo event generation for lhc},
  author={Sj{\"o}strand, Torbj{\"o}rn},
  year={1991},
  institution={CERN}
}

%% Introdução
@article{vicini2005analise,
  title={An{\'a}lise multivariada da teoria {\`a} pr{\'a}tica},
  author={Vicini, Lorena and SOUZA, Adriano Mendon{\c{c}}a},
  journal={Santa Maria: UFSM, CCNE},
  year={2005}
}



%%

@MISC{kernelthesis,
  author =       {Thomas Ledl},
  title =        {Kernel Density Estimation: Theory, Aspects of Dimension and Application in Discriminant Analysis},
  year =         {2002},
}

@article{hansen2009lecture,
    title={Lecture notes on nonparametrics},
    author={Hansen, Bruce E},
    journal={Lecture notes},
    year={2009}
}

@article{seather1992performance,
  title={The performance of six popular bandwidth selection methods on some real data sets},
  author={Seather, SJ},
  journal={COMPUTATIONAL STATISTICS QUARTERLY},
  volume={7},
  pages={225--225},
  year={1992}
}

@article{jones1991roles,
  title={The roles of ISE and MISE in density estimation},
  author={Jones, MC},
  journal={Statistics \& Probability Letters},
  volume={12},
  number={1},
  pages={51--56},
  year={1991},
  publisher={Elsevier}
}


@article{wandkernel,
  title={Kernel smoothing},
  year={1995},
  author={Wand, MP and Jones, MC},
  journal={Chapman\&Hall, London}
}

@book{silverman1986density,
  title={Density estimation for statistics and data analysis},
  author={Silverman, Bernard W},
  volume={26},
  year={1986},
  publisher={CRC press}
}

@misc{wand1995kernel,
  title={Kernel Smoothing, Vol. 60 of Monographs on statistics and applied probability},
  author={Wand, MP and Jones, MC},
  year={1995},
  publisher={Chapman and Hall, London}
}

@online{cursedimen,
  author =       {Yoshua Bengio},
  title =        {Research},
  year =         {2016},
  note =         {Accessed: 2016-01-26}
  url =          {http://www.iro.umontreal.ca/~bengioy/yoshua_en/research.html}
}

@book{narsky2013statistical,
  title={Statistical analysis techniques in particle physics: Fits, density estimation and supervised learning},
  author={Narsky, Ilya and Porter, Frank C},
  year={2013},
  publisher={John Wiley \& Sons}
}

@inproceedings{comaniciu2001variable,
  title={The variable bandwidth mean shift and data-driven scale selection},
  author={Comaniciu, Dorin and Ramesh, Visvanathan and Meer, Peter},
  booktitle={Computer Vision, 2001. ICCV 2001. Proceedings. Eighth IEEE International Conference on},
  volume={1},
  pages={438--445},
  year={2001},
  organization={IEEE}
}

@article{shimazaki2007method,
  title={A method for selecting the bin size of a time histogram},
  author={Shimazaki, Hideaki and Shinomoto, Shigeru},
  journal={Neural computation},
  volume={19},
  number={6},
  pages={1503--1527},
  year={2007},
  publisher={MIT Press}
}

@article{abramson1982bandwidth,
  title={On bandwidth variation in kernel estimates-a square root law},
  author={Abramson, Ian S},
  journal={The annals of Statistics},
  pages={1217--1223},
  year={1982},
  publisher={JSTOR}
}

@incollection{chen2002robust,
  title={Robust computer vision through kernel density estimation},
  author={Chen, Haifeng and Meer, Peter},
  booktitle={Computer Vision—ECCV 2002},
  pages={236--250},
  year={2002},
  publisher={Springer}
}

@book{turlach1993bandwidth,
  title={Bandwidth selection in kernel density estimation: A review},
  author={Turlach, Berwin A and others},
  year={1993},
  publisher={Universit{\'e} catholique de Louvain}
}


%      NOVAS %

@book{sheskin2003handbook,
	title={Handbook of parametric and nonparametric statistical procedures},
	author={Sheskin, David J},
	year={2003},
	publisher={crc Press}
}

@article{marascuilo1977nonparametric,
	title={Nonparametric and distribution-free methods for the social sciences},
	author={Marascuilo, Leonard A and McSweeney, Maryellen},
	year={1977},
	publisher={Monterey, Calif.(USA) Brooks/Cole Pub.}
}


%  Estimação de Densidades INICIO

@article{rosenblatt1956remarks,
	title={Remarks on some nonparametric estimates of a density function},
	author={Rosenblatt, Murray},
	journal={The Annals of Mathematical Statistics},
	pages={832--837},
	year={1956},
	publisher={JSTOR}
}

@article{parzen1962estimation,
	title={On estimation of a probability density function and mode},
	author={Parzen, Emanuel},
	journal={The annals of mathematical statistics},
	volume={33},
	number={3},
	pages={1065--1076},
	year={1962},
	publisher={JSTOR}
}

@article{zambom2012review,
	title={A review of kernel density estimation with applications to econometrics},
	author={Zambom, Adriano Zanin and Dias, Ronaldo},
	journal={arXiv preprint arXiv:1212.2812},
	year={2012}
}


% Smothing

@book{eubank1988spline,
	title={Spline smoothing and nonparametric regression},
	author={Eubank, Randall L},
	number={04; QA278. 2, E8.},
	year={1988}
}

@book{eubank1999nonparametric,
	title={Nonparametric regression and spline smoothing},
	author={Eubank, Randall L},
	year={1999},
	publisher={CRC press}
}

@book{hardle1990applied,
	title={Applied nonparametric regression},
	author={H{\"a}rdle, Wolfgang},
	number={19},
	year={1990},
	publisher={Cambridge university press}
}

@article{hardle1988smoothing,
	title={Smoothing in low and high dimensions using weighted averaging of rounded points},
	author={H{\"a}rdle, W and Scott, DW},
	journal={Unpublished paper, Department of Statistics, Rice University},
	year={1988}
}

@techreport{silverman1986density,
	title={Density estimation for statistics and data analysis},
	author={Silverman, BW},
	year={1986}
}

@book{silverman2018density,
	title={Density estimation for statistics and data analysis},
	author={Silverman, Bernard W},
	year={2018},
	publisher={Routledge}
}

@book{wahba1990spline,
	title={Spline models for observational data},
	author={Wahba, Grace},
	volume={59},
	year={1990},
	publisher={Siam}
}

@book{wand1994kernel,
	title={Kernel smoothing},
	author={Wand, Matt P and Jones, M Chris},
	year={1994},
	publisher={Crc Press}
}

@article{jones1996brief,
	title={A brief survey of bandwidth selection for density estimation},
	author={Jones, M Chris and Marron, James S and Sheather, Simon J},
	journal={Journal of the American Statistical Association},
	volume={91},
	number={433},
	pages={401--407},
	year={1996},
	publisher={Taylor \& Francis Group}
}

%%  FAST KERNEL

@book{gramacki2017nonparametric,
	title={Nonparametric Kernel Density Estimation and Its Computational Aspects},
	author={Gramacki, Artur},
	year={2017},
	publisher={Springer}
}

@article{tang2016fast,
	title={Fast and accurate computation for kernel estimators},
	author={Tang, Qingguo and Karunamuni, Rohana J},
	journal={Computational Statistics \& Data Analysis},
	volume={94},
	pages={49--62},
	year={2016},
	publisher={Elsevier}
}

@article{raykar2010fast,
	title={Fast computation of kernel estimators},
	author={Raykar, Vikas C and Duraiswami, Ramani and Zhao, Linda H},
	journal={Journal of Computational and Graphical Statistics},
	volume={19},
	number={1},
	pages={205--220},
	year={2010},
	publisher={Taylor \& Francis}
}

@inproceedings{yin2008fast,
	title={Fast Kernel Distribution Function Estimation and fast kernel density estimation based on sparse Bayesian learning and regularization},
	author={Yin, Xun-fu and Hao, Zhi-Feng},
	booktitle={Machine Learning and Cybernetics, 2008 International Conference on},
	volume={3},
	pages={1756--1761},
	year={2008},
	organization={IEEE}
}


@article{langrene2017fast,
	title={Fast and stable multivariate kernel density estimation by fast sum updating},
	author={Langren{\'e}, Nicolas and Warin, Xavier},
	journal={arXiv preprint arXiv:1712.00993},
	year={2017}
}

@article{lang2005empirical,
	title={Empirical testing of fast kernel density estimation algorithms},
	author={Lang, Dustin and Klaas, Mike and de Freitas, Nando},
	year={2005},
	publisher={University of British Columbia ‚Department of Computer Science}
}

%% BANDWIDTH

@book{duong2004bandwidth,
	title={Bandwidth selectors for multivariate kernel density estimation},
	author={Duong, Tarn},
	year={2004},
	publisher={University of Western Australia}
}

@inproceedings{oyang2005data,
	title={Data classification with a relaxed model of variable kernel density estimation},
	author={Oyang, Yen-Jen and Ou, Yu-Yen and Hwang, Shien-Ching and Chen, Chien-Yu and Chang, D Tien-Hau},
	booktitle={Neural Networks, 2005. IJCNN'05. Proceedings. 2005 IEEE International Joint Conference on},
	volume={5},
	pages={2831--2836},
	year={2005},
	organization={IEEE}
}

@article{schindler2012bandwidth,
	title={Bandwidth selection in nonparametric kernel estimation},
	author={Schindler, Anja},
	year={2012}
}

@techreport{walter1998density,
	title={Density estimation techniques for global illumination},
	author={Walter, Bruce},
	year={1998},
	institution={Cornell University}
}

@article{heidenreich2013bandwidth,
	title={Bandwidth selection for kernel density estimation: a review of fully automatic selectors},
	author={Heidenreich, Nils-Bastian and Schindler, Anja and Sperlich, Stefan},
	journal={AStA Advances in Statistical Analysis},
	volume={97},
	number={4},
	pages={403--433},
	year={2013},
	publisher={Springer}
}

@article{kim2012robust,
	title={Robust kernel density estimation},
	author={Kim, JooSeuk and Scott, Clayton D},
	journal={Journal of Machine Learning Research},
	volume={13},
	number={Sep},
	pages={2529--2565},
	year={2012}
}

@inproceedings{turlach1993bandwidth,
	title={Bandwidth selection in kernel density estimation: A review},
	author={Turlach, Berwin A},
	booktitle={CORE and Institut de Statistique},
	year={1993},
	organization={Citeseer}
}

%% KURTOSIS e SKEWNESS

@article{decarlo1997meaning,
	title={On the meaning and use of kurtosis.},
	author={DeCarlo, Lawrence T},
	journal={Psychological methods},
	volume={2},
	number={3},
	pages={292},
	year={1997},
	publisher={US: American Psychological Association}
}

@article{mardia1970measures,
	title={Measures of multivariate skewness and kurtosis with applications},
	author={Mardia, Kanti V},
	journal={Biometrika},
	volume={57},
	number={3},
	pages={519--530},
	year={1970},
	publisher={Oxford University Press}
}

%% Robust Analysis

@book{olive2018robust,
	title={Robust multivariate analysis},
	author={Olive, David J},
	year={2018},
	publisher={Springer}
}

@article{huber19721972,
	title={The 1972 wald lecture robust statistics: A review},
	author={Huber, Peter J},
	journal={The Annals of Mathematical Statistics},
	pages={1041--1067},
	year={1972},
	publisher={JSTOR}
}

@article{ramsay1991kernel,
	title={Kernel smoothing approaches to nonparametric item characteristic curve estimation},
	author={Ramsay, James O},
	journal={Psychometrika},
	volume={56},
	number={4},
	pages={611--630},
	year={1991},
	publisher={Springer}
}

@article{rousseeuw2018computation,
	title={Computation of robust statistics: depth, median, and related measures},
	author={Rousseeuw, Peter and Hubert, Mia},
	year={2018},
	publisher={CRC Press, Chapman \& Hall}
}

@article{daszykowski2007robust,
	title={Robust statistics in data analysis—a review: basic concepts},
	author={Daszykowski, Michal and Kaczmarek, Krzysztof and Vander Heyden, Yvan and Walczak, Beata},
	journal={Chemometrics and intelligent laboratory systems},
	volume={85},
	number={2},
	pages={203--219},
	year={2007},
	publisher={Elsevier}
}


@article{analytical1989robust,
	title={Robust statistics--how not to reject outliers. Part 1. Basic concepts},
	author={Analytical Methods Committee and others},
	journal={Analyst},
	volume={114},
	number={12},
	pages={1693--1697},
	year={1989},
	publisher={Royal Society of Chemistry}
}

@book{hampel2011robust,
	title={Robust statistics: the approach based on influence functions},
	author={Hampel, Frank R and Ronchetti, Elvezio M and Rousseeuw, Peter J and Stahel, Werner A},
	volume={196},
	year={2011},
	publisher={John Wiley \& Sons}
}

@book{rousseeuw2005robust,
	title={Robust regression and outlier detection},
	author={Rousseeuw, Peter J and Leroy, Annick M},
	volume={589},
	year={2005},
	publisher={John wiley \& sons}
}

@book{maronna2006robust,
	title={Robust statistics},
	author={Maronna, RARD and Martin, R Douglas and Yohai, Victor},
	volume={1},
	year={2006},
	publisher={John Wiley \& Sons, Chichester. ISBN}
}


%%%%%%%%%%%%%%%%%%%%%%%%%%%%%%%%%%%%%%%%%%%%%%%%%%%%%%%%%%%%%%%%%%%%%%%%%%%%%%%%%%
%%% DISCRETIZATION

@inproceedings{biba2007unsupervised,
	title={Unsupervised Discretization Using Kernel Density Estimation.},
	author={Biba, Marenglen and Esposito, Floriana and Ferilli, Stefano and Di Mauro, Nicola and Basile, Teresa Maria Altomare},
	booktitle={IJCAI},
	pages={696--701},
	year={2007}
}

@inproceedings{schmidberger2005unsupervised,
	title={Unsupervised discretization using tree-based density estimation},
	author={Schmidberger, Gabi and Frank, Eibe},
	booktitle={European Conference on Principles of Data Mining and Knowledge Discovery},
	pages={240--251},
	year={2005},
	organization={Springer}
}

@article{jones1989discretized,
	title={Discretized and interpolated kernel density estimates},
	author={Jones, M Chris},
	journal={Journal of the American Statistical Association},
	volume={84},
	number={407},
	pages={733--741},
	year={1989},
	publisher={Taylor \& Francis Group}
}

@inproceedings{friedman1996discretizing,
	title={Discretizing continuous attributes while learning Bayesian networks},
	author={Friedman, Nir and Goldszmidt, Moises and others},
	booktitle={ICML},
	pages={157--165},
	year={1996}
}

@article{fayyad1993multi,
	title={Multi-interval discretization of continuous-valued attributes for classification learning},
	author={Fayyad, Usama and Irani, Keki},
	year={1993}
}


@inproceedings{zhang2007discretization,
	title={A discretization algorithm based on Gini criterion},
	author={Zhang, Xiao-Hang and Wu, Jun and Lu, Ting-Jie and Jiang, Yuan},
	booktitle={Machine Learning and Cybernetics, 2007 International Conference on},
	volume={5},
	pages={2557--2561},
	year={2007},
	organization={IEEE}
}


%%%%%%%%%%%%%%%%%%%%%%%%%%%%%%%%%%%%%%%%%%%%%%%%%%%%%%%%%%%%%%%%%%%%%%%%%%%%%%%%%%
%%% SIMILARIDADE

@article{kullback1951information,
	title={On information and sufficiency},
	author={Kullback, Solomon and Leibler, Richard A},
	journal={The annals of mathematical statistics},
	volume={22},
	number={1},
	pages={79--86},
	year={1951},
	publisher={JSTOR}
}

@book{kullback1997information,
	title={Information theory and statistics},
	author={Kullback, Solomon},
	year={1997},
	publisher={Courier Corporation}
}

@article{burbea1982entropy,
	title={Entropy differential metric, distance and divergence measures in probability spaces: A unified approach},
	author={Burbea, Jacob and Rao, C Radhakrishna},
	journal={Journal of Multivariate Analysis},
	volume={12},
	number={4},
	pages={575--596},
	year={1982},
	publisher={Elsevier}
}

@techreport{burbea1980convexity,
	title={On the Convexity of Some Divergence Measures Based on Entropy Functions.},
	author={Burbea, Jacob and Rao, C Radhakrishna},
	year={1980},
	institution={DTIC Document}
}

@article{lin1991divergence,
	title={Divergence measures based on the Shannon entropy},
	author={Lin, Jianhua},
	journal={IEEE Transactions on Information theory},
	volume={37},
	number={1},
	pages={145--151},
	year={1991},
	publisher={IEEE}
}

@article{kailath1967divergence,
	title={The divergence and Bhattacharyya distance measures in signal selection},
	author={Kailath, Thomas},
	journal={IEEE transactions on communication technology},
	volume={15},
	number={1},
	pages={52--60},
	year={1967},
	publisher={IEEE}
}

@article{basseville2013divergence,
	title={Divergence measures for statistical data processing—An annotated bibliography},
	author={Basseville, Mich{\`e}le},
	journal={Signal Processing},
	volume={93},
	number={4},
	pages={621--633},
	year={2013},
	publisher={Elsevier}
}

@inproceedings{souza2017study,
	title={A study of distance/similarity measurements in the context of signal processing (density estimation)},
	author={Souza, David M and Costa, Igor A and N{\'o}brega, Rafael A},
	booktitle={Instrumentation Systems, Circuits and Transducers (INSCIT), 2017 2nd International Symposium on},
	pages={1--6},
	year={2017},
	organization={IEEE}
}

@article{cha2007comprehensive,
	title={Comprehensive survey on distance/similarity measures between probability density functions},
	author={Cha, Sung-Hyuk},
	journal={City},
	volume={1},
	number={2},
	pages={1},
	year={2007}
}

@book{deza2006dictionary,
	title={Dictionary of distances},
	author={Deza, Michel-Marie and Deza, Elena},
	year={2006},
	publisher={Elsevier}
}

@incollection{deza2009encyclopedia,
	title={Encyclopedia of distances},
	author={Deza, Michel Marie and Deza, Elena},
	booktitle={Encyclopedia of Distances},
	pages={1--583},
	year={2009},
	publisher={Springer}
}








@misc{ron1999art,
	title={The Art and Science of Digital Compositing},
	author={Ron, Brinkmann},
	year={1999},
	publisher={Morgan Kaufmann Verlag}
}


@misc{burden2001numerical,
	title={Numerical analysis 7th ed., brooks/cole, thomson learning},
	author={Burden, RL and Faires, JD},
	year={2001},
	publisher={Inc},
}

@book{gurevich1966integral,
	title={Integral, measure, and derivative: a unified approach},
	author={Gurevich, Boris Lazarevich and others},
	year={1966},
	publisher={Courier Corporation}
}
